
@article{SVAR21,
 title={svars: An R Package for Data-Driven Identification in Multivariate Time Series Analysis},
 volume={97},
 url={https://www.jstatsoft.org/index.php/jss/article/view/v097i05},
 doi={10.18637/jss.v097.i05},
 abstract={},
 number={5},
 journal={Journal of Statistical Software},
 author={Lange, Alexander and Dalheimer, Bernhard and Herwartz, Helmut and Maxand, Simone},
 year={2021},
 pages={1–34}
}

@Article{Herwartz2016,
  author={Helmut Herwartz and Martin Plödt},
  title={{Simulation Evidence on Theory-based and Statistical Identification under Volatility Breaks}},
  journal={Oxford Bulletin of Economics and Statistics},
  year=2016,
  volume={78},
  number={1},
  pages={94-112},
  month={February},
  keywords={},
  doi={},
  abstract={},
  url={https://ideas.repec.org/a/bla/obuest/v78y2016i1p94-112.html}
}

@Article{Pfaff08,
    title = {VAR, SVAR and SVEC Models: Implementation Within {R}
      Package {vars}},
    author = {Bernhard Pfaff},
    journal = {Journal of Statistical Software},
    year = {2008},
    volume = {27},
    number = {4},
    url = {https://www.jstatsoft.org/v27/i04/},
  }

@InCollection{Stock2003,
  author={James H. Stock and Mark W. Watson},
  title={{Has the Business Cycle Changed and Why?}},
  booktitle={{NBER Macroeconomics Annual 2002, Volume 17}},
  publisher={National Bureau of Economic Research, Inc},
  year=2003,
  month={February},
  volume={},
  number={},
  series={NBER Chapters},
  edition={},
  chapter={},
  pages={159-230},
  doi={},
  keywords={},
  abstract={},
  url={https://ideas.repec.org/h/nbr/nberch/11075.html}
}

@Article{Sims80,
  author={Christopher A. Sims},
  title={{Macroeconomics and Reality}},
  journal={Econometrica},
  year=1980,
  volume={48},
  number={1},
  pages={1-48},
  month={January},
  keywords={},
  doi={},
  abstract={},
  url={https://ideas.repec.org/a/ecm/emetrp/v48y1980i1p1-48.html}
}
@Article{Herwartz18,
  author={Helmut Herwartz},
  title={{Hodges–Lehmann Detection of Structural Shocks – An Analysis of Macroeconomic Dynamics in the Euro Area}},
  journal={Oxford Bulletin of Economics and Statistics},
  year=2018,
  volume={80},
  number={4},
  pages={736-754},
  month={August},
  keywords={},
  doi={10.1111/obes.12234},
  abstract={},
  url={https://ideas.repec.org/a/bla/obuest/v80y2018i4p736-754.html}
}

@incollection{Breitung2004,
  author      = {J. Breitung and R. Bruggemann and H. Lutkepohl},
  title       = "Structural Vector Autoregressive Modeling and Impulse Responses",
  editor      = {M. Kratzig and H. Lutkepohl},
  booktitle   = "Applied Time Series Econometrics",
  publisher   = "Cambridge University Press",
  address     = "Cambridge",
  year        = 2004,
  pages       = "159-196",
  chapter     = 4
}

@Article{COCHRANE94,
  author={John H. Cochrane},
  title={{Permanent and Transitory Components of GNP and Stock Prices}},
  journal={The Quarterly Journal of Economics},
  year=1994,
  volume={109},
  number={1},
  pages={241-265}
}

@TechReport{Sims802,
  author={Christopher A. Sims},
  title={{Comparison of Interwar and Postwar Business Cycles: Monetarism Reconsidered}},
  year=1980,
  month=Jan,
  institution={National Bureau of Economic Research, Inc},
  type={NBER Working Papers},
  url={},
  number={0430},
  abstract={},
  keywords={},
  doi={}
}

@TechReport{BLANCHARD88,
  author={Olivier Jean Blanchard and Danny Quah},
  title={{The Dynamic Effects of Aggregate Demand and Supply Disturbances}},
  year=1988,
  month=Oct,
  institution={National Bureau of Economic Research, Inc},
  type={NBER Working Papers},
  url={},
  number={2737},
  abstract={},
  keywords={},
  doi={}
}

@Article{GALI99,
  author={Jordi Gali},
  title={{Technology, Employment, and the Business Cycle: Do Technology Shocks Explain Aggregate Fluctuations?}},
  journal={American Economic Review},
  year=1999,
  volume={89},
  number={1},
  pages={249-271},
  month={March},
  keywords={},
  doi={}
}

@misc{SECMCADATOS,
  author            = "{Secretaría Ejecutiva del Consejo Monetario Centroamericano}",
  title           = {{INDICADORES BANCARIOS}},
  year            = {2023},
  howpublished    = {\url{https://www.secmca.org/wp-content/uploads/2023/03/REPORTE_INDICADORES_BANCARIOS_MARZO_2023.xlsx}},
  note            = {Accesado: 2023-03-30},
}